<?xml version="1.0" encoding="utf-8"?>
<record xmlns="http://www.loc.gov/MARC21/slim" xmlns:xsi="http://www.w3.org/2001/XMLSchema-instance" xsi:schemaLocation="http://www.loc.gov/MARC21/slim http://www.loc.gov/standards/marcxml/schema/MARC21slim.xsd">
	<leader>     nam a22     Mi 4500</leader>
	<controlfield tag="001">388213</controlfield>
	<controlfield tag="003">NjP</controlfield>
	<controlfield tag="006">m        d        </controlfield>
	<controlfield tag="007">cr cn |||m|||a</controlfield>
	<controlfield tag="008">201130m19849999ir h    ob    000 0 ara d</controlfield>
	<datafield ind1="7" ind2=" " tag="024">
		<subfield code="a">princeton_aco003513</subfield>
		<subfield code="2">local</subfield>
	</datafield>
	<datafield ind1=" " ind2=" " tag="040">
		<subfield code="a">ZYU</subfield>
		<subfield code="b">ara</subfield>
		<subfield code="c">ZYU</subfield>
	</datafield>
	<datafield ind1=" " ind2=" " tag="079">
		<subfield code="a">ocm22315105</subfield>
	</datafield>
	<datafield ind1="1" ind2=" " tag="100">
		<subfield code="6">880-01</subfield>
		<subfield code="a">Baraghānī, Muḥammad Ṣāliḥ,</subfield>
		<subfield code="d">-approximately 1853.</subfield>
		<subfield code="0">http://id.loc.gov/authorities/names/n88294160</subfield>
	</datafield>
	<datafield ind1="1" ind2="0" tag="240">
		<subfield code="6">880-02</subfield>
		<subfield code="a">Mawsūʻat al-Baraghānī fī fiqh al-Shīʻah</subfield>
	</datafield>
	<datafield ind1="1" ind2="0" tag="245">
		<subfield code="6">880-03</subfield>
		<subfield code="a">Mawsūʻat al-Baraghānī fī fiqh al-Shīʻah, al-musammāh bi-Ghanīmat al-maʻād fī sharḥ al-irshād</subfield>
		<subfield code="h">[electronic resource] /</subfield>
		<subfield code="c">taʼlīf Muḥammad Ṣāliḥ al-Baraghānī al-Qazwīnī al-Ḥāʼirī ; taḥqīq wa-taqdīm ʻAbd al-Ḥusayn al-Ṣāliḥī.</subfield>
	</datafield>
	<datafield ind1=" " ind2=" " tag="260">
		<subfield code="6">880-04</subfield>
		<subfield code="a">Ṭihrān :</subfield>
		<subfield code="b">Namāyashgāh-i Dāʼimī-i Kitāb,</subfield>
		<subfield code="c">1405 [1984 or 5]-</subfield>
	</datafield>
	<datafield ind1=" " ind2=" " tag="300">
		<subfield code="a">online resource (v.) :</subfield>
		<subfield code="b">facsims.</subfield>
	</datafield>
	<datafield ind1=" " ind2=" " tag="500">
		<subfield code="6">880-05</subfield>
		<subfield code="a">&quot;Kitāb fiqhī istidlālī riwāʼī istaʻāna bi-hi al-shaykh Muḥammad Ḥasan ṣāḥib al-Jawāhir fī mawsūʻat al-fiqhīyah (al-Jawāhir).&quot;</subfield>
	</datafield>
	<datafield ind1=" " ind2=" " tag="500">
		<subfield code="a">Introduction dated 1405 [1984 or 5]</subfield>
	</datafield>
	<datafield ind1=" " ind2=" " tag="500">
		<subfield code="a">Part of the Arabic Collections Online (ACO) project, contributed by Princeton University Libraries.</subfield>
	</datafield>
	<datafield ind1=" " ind2=" " tag="504">
		<subfield code="a">Includes bibliographical references.</subfield>
	</datafield>
	<datafield ind1="1" ind2=" " tag="505">
		<subfield code="6">880-06</subfield>
		<subfield code="a">v. 1. Kitāb al-ṭahārah, qism 1 -- v. 2. Kitāb al-ṭahārah, qism 2 -- v. 3. Kitāb al-ṣalāah, qism 1 -- v. 4. Kitāb al-ṣalāah, qism 2 -- v. 5. Kitāb al-ṣalāah, qism 3 -- v. 6. Kitāb al-ṣalāah, qism 4 -- v. 7. Kitāb al-ṣalāah, qism 5 -- v. 8. Kitāb al-ṣalāah, qism 6.</subfield>
	</datafield>
	<datafield ind1=" " ind2=" " tag="533">
		<subfield code="a">Electronic reproduction.</subfield>
		<subfield code="b">New York, N.Y. :</subfield>
		<subfield code="c">New York University,</subfield>
		<subfield code="d">2020.</subfield>
		<subfield code="5">NNU</subfield>
	</datafield>
	<datafield ind1=" " ind2="0" tag="650">
		<subfield code="a">Islamic law</subfield>
		<subfield code="x">Interpretation and construction.</subfield>
		<subfield code="0">http://id.loc.gov/authorities/subjects/sh85068455</subfield>
	</datafield>
	<datafield ind1=" " ind2="0" tag="650">
		<subfield code="a">Shiites.</subfield>
		<subfield code="0">http://id.loc.gov/authorities/subjects/sh85121432</subfield>
	</datafield>
	<datafield ind1="1" ind2=" " tag="700">
		<subfield code="6">880-07</subfield>
		<subfield code="a">Ṣāliḥī, ʻAbd al-Ḥusayn.</subfield>
	</datafield>
	<datafield ind1="2" ind2=" " tag="710">
		<subfield code="a">Princeton University.</subfield>
		<subfield code="b">Library.</subfield>
	</datafield>
	<datafield ind1="0" ind2=" " tag="730">
		<subfield code="a">Arabic Collections Online.</subfield>
	</datafield>
	<datafield ind1="0" ind2=" " tag="740">
		<subfield code="6">880-08</subfield>
		<subfield code="a">Mawsūʻat al-Baraghānī fī fiqh al-Shīʻah.</subfield>
	</datafield>
	<datafield ind1="0" ind2=" " tag="740">
		<subfield code="6">880-09</subfield>
		<subfield code="a">Ghanīmat al-maʻād fī sharḥ al-irshād.</subfield>
	</datafield>
	<datafield ind1="0" ind2="8" tag="776">
		<subfield code="i">Print version:</subfield>
		<subfield code="a">Baraghānī, Muḥammad Ṣāliḥ, -approximately 1853. http://id.loc.gov/authorities/names/n88294160</subfield>
		<subfield code="t">Mawsūʻat al-Baraghānī fī fiqh al-Shīʻah, al-musammāh bi-Ghanīmat al-maʻād fī sharḥ al-irshād</subfield>
		<subfield code="w">(NjP)388213</subfield>
	</datafield>
	<datafield ind1="4" ind2="0" tag="856">
		<subfield code="u">http://hdl.handle.net/2333.1/7d7wmd8w</subfield>
	</datafield>
	<datafield ind1="1" ind2=" " tag="880">
		<subfield code="6">100-01</subfield>
		<subfield code="a">برغاني، محمد صالح،</subfield>
		<subfield code="d">-approximately 1853.</subfield>
	</datafield>
	<datafield ind1="1" ind2="0" tag="880">
		<subfield code="6">240-02</subfield>
		<subfield code="a">موسوعة البرغاني في فقه الشيعة</subfield>
	</datafield>
	<datafield ind1="1" ind2="0" tag="880">
		<subfield code="6">245-03</subfield>
		<subfield code="a">موسوعة البرغاني في فقه الشيعة، المسماه بغنيمة المعاد في شرح الارشاد /</subfield>
		<subfield code="c">تأليف محمد صالح البرغاني القزويني الحائري ؛ تحقيق وتقديم عبد الحسين الصالحي.</subfield>
	</datafield>
	<datafield ind1=" " ind2=" " tag="880">
		<subfield code="6">260-04</subfield>
		<subfield code="a">طهران :</subfield>
		<subfield code="b">نمايشگاها دائميا كتاب،</subfield>
		<subfield code="c">1405 [1984 or 5]</subfield>
	</datafield>
	<datafield ind1=" " ind2=" " tag="880">
		<subfield code="6">500-05</subfield>
		<subfield code="a">&quot;كتاب فقهي استدلالي روائي استعان به الشيخ محمد حسن صاحب الجواهر في موسوعة الفقهية (الجواهر).&quot;</subfield>
	</datafield>
	<datafield ind1="1" ind2=" " tag="880">
		<subfield code="6">505-06</subfield>
		<subfield code="a">ڤ. 1. كتاب الطهارة، قسم 1 ڤ. 2. كتاب الطهارة، قسم 2 ڤ. 3. كتاب الصلاة، قسم 1 ڤ. 4. كتاب الصلاة، قسم 2 ڤ. 5. كتاب الصلاة، قسم 3 ڤ. 6. كتاب الصلاة، قسم 4 ڤ. 7. كتاب الصلاة، قسم 5 ڤ. 8. كتاب الصلاة، قسم 6.</subfield>
	</datafield>
	<datafield ind1="1" ind2=" " tag="880">
		<subfield code="6">700-07</subfield>
		<subfield code="a">صالحي، عبد الحسين.</subfield>
	</datafield>
	<datafield ind1="0" ind2=" " tag="880">
		<subfield code="6">740-08</subfield>
		<subfield code="a">موسوعة البرغاني في فقه الشيعة.</subfield>
	</datafield>
	<datafield ind1="0" ind2=" " tag="880">
		<subfield code="6">740-09</subfield>
		<subfield code="a">غنيمة المعاد في شرح الارشاد.</subfield>
	</datafield>
	<datafield ind1=" " ind2=" " tag="911">
		<subfield code="a">19921028</subfield>
	</datafield>
	<datafield ind1=" " ind2=" " tag="912">
		<subfield code="a">19921006000000.0</subfield>
	</datafield>
	<datafield ind1=" " ind2=" " tag="959">
		<subfield code="a">NNU</subfield>
		<subfield code="b">WEB</subfield>
		<subfield code="c">GENI</subfield>
		<subfield code="t">0</subfield>
		<subfield code="m">Electronic access</subfield>
		<subfield code="s">01</subfield>
	</datafield>
	<datafield ind1=" " ind2=" " tag="999">
		<subfield code="a">388213</subfield>
		<subfield code="s">princeton_aco003346:juz 1</subfield>
		<subfield code="s">princeton_aco003347:juz 2</subfield>
		<subfield code="s">princeton_aco003514:juz 3</subfield>
		<subfield code="s">princeton_aco003367:juz 4</subfield>
		<subfield code="s">princeton_aco003366:juz 5</subfield>
		<subfield code="s">princeton_aco003365:juz 6</subfield>
		<subfield code="s">princeton_aco003513:juz 7</subfield>
	</datafield>
	<datafield ind1=" " ind2="0" tag="866">
		<subfield code="0">423685</subfield>
		<subfield code="8">0</subfield>
		<subfield code="a">juzʾ 1-8</subfield>
	</datafield>
	<datafield ind1=" " ind2=" " tag="959">
		<subfield code="a">2000-06-13 00:00:00 -0400</subfield>
	</datafield>
</record>
